\begin{filecontents}
@ONLINE {gps,
	author = "Sin Autor",
	title = "Sistema de Posicionamiento Global",
	month = "Jan",
	year = "2019",
	url = "https://www.gps.gov/spanish.php"
}

@ONLINE {scrum,
	author = "Sin Autor",
	title = "Conociendo la metodología SCRUM: sus beneficios y características.",
	month = "mar",
	year = "2017",
	url = "https://nativosdigitales.pe/blog/metodologia-scrum-beneficios-caracteristicas/"
}

@ONLINE {mtourism,
		author = "M. Martín-Sanchéz, J.A. Miguel-Dávila, D. López-Berzosa",
		title = "M-tourism: las apps en el sector turístico",
		month = "Jan",
		year = "2012",
		url = "http://gide.unileon.es/admin/UploadFolder/acta_de_congreso.pdf"
	}

@ONLINE {turismoEnMexico,
	author = "Leticia Hernández",
	title = "Turismo en México crece por arriba de la economía mundial: OCDE",
	month = "Mar",
	year = 2018,
	url = "https://www.elfinanciero.com.mx/economia/turismo-en-mexico-crece-por-por-arriba-de-la-economia-mundial-ocde"
}

@ONLINE {importanciaTurismo,
	author = "Sin autor",
	title = "Importancia del turismo en México",
	month = "Mar",
	year = 2019, 
	url = "https://www.importancia.org/turismo-en-mexico.php"
}

@ONLINE {geovalla,
	author = "Andrea Arreola",
	title = "Geocercas: ¿Las necesitas en tu negocio",
	month = "Mar",
	year = "2019",
	url = "https://www.verizonconnect.com/mx/recursos/articulo/geocercas-porque-usarlas-en-el-negocio/" 
}

@ONLINE {clases,
	author = "Victor Gómez",
	title = "Diagrama de clases",
	month = "Mar",
	year = "2018",
	url = "https://instintobinario.com/diagrama-de-clases/"
}

@ONLINE {secuencia,
	author = "Karla Cevallos",
	title = "UML: Diagrama de Secuencia",
	month = "Jul",
	year = "2015",
	url = "https://ingsotfwarekarlacevallos.wordpress.com/2015/07/07/uml-diagrama-de-secuencia/"
}

@ONLINE {turismo,
	author = "Sin Autor",
	title = "¿Porqué el Turismo",
	month = "Aug",
	year = "2019",
	url = "https://www2.unwto.org/es/content/por-que-el-turismo"
}

@ONLINE {realidadTurismo,
	author = "Sin Autor",
	title = "La realidad del turismo actual",
	month = "Aug",
	year = "2019",
	url = "https://es.catholic.net/op/articulos/3100/cat/90/la-realidad-del-turismo-actual.html"
}

@ONLINE {skyscanner,
	author = "Sin Autor",
	title = "¿Por qué Skyscanner?",
	month = "Aug",
	year = "2019",
	url = "https://www.skyscanner.com/us/es-mx/usd/acerca-de-nosotros/por-que-skyscanner"
}

@ONLINE {Viator,
	author = "Sin Autor",
	title = "Acerca de Viator",
	month = "Aug",
	year = "2019",
	url = "https://www.viator.com/es-ES/support/about"
}

@ONLINE {triposo,
	author = "Sin Autor",
	title = "Our Story",
	month = "Aug",
	year = "2019",
	url = "https://www.triposo.com/about"	
}

@ONLINE {tripAdvisor,
	author = "Sin Autor",
	title = "Trip Advisor",
	month = "Aug",
	year = "2019",
	url = "https://tripadvisor.mediaroom.com/MX-about-us"
}
@ONLINE {ScrumTmg,
	author = "Sin Autor",
	title = "Scrum Imagen",
	month = "Aug",
	year = "2019",
	url = "https://www.verbindungszentrum.com/scrum-en/"
}
@ONLINE {mvcImagen,
	author = "Sin Autor",
	title = "MVC",
	month = "Aug",
	year = "2019",
	url = "https://codigofacilito.com/articulos/mvc-model-view-controller-explicado"
}

@ONLINE {FourSquare,
	author = "Sin Autor",
	title = "FourSquare",
	month = "Aug",
	year = "2019",
	url = "https://www.clarin.com/tips-de-viajes/aplicaciones-guias-turismo_0_HJDsNPFD7x.html"
}

@ONLINE {ServTur,
	author = "Sin Autor",
	title = "ServTrur",
	month = "Aug",
	year = "2019",
	url = "https://sites.google.com/site/serviciostur/conceptos-st"
}

@ONLINE {mvc,
	author = "Sin Autor",
	title = "Modelo Vista Controlador (MVC)",
	month = "Aug",
	year = "2019",
	url = "https://si.ua.es/es/documentacion/asp-net-mvc-3/1-dia/modelo-vista-controlador-mvc.html"
}

@ONLINE {mvc2,
	author = "Miriam García",
	title = "MVC (Modelo-Vista-Controlador ): ¿qué es y para qué sirve?",
	month = "Oct",
	year = "2017",
	url = "https://codingornot.com/mvc-modelo-vista-controlador-que-es-y-para-que-sirve"
}

@ONLINE {xcode,
	author = "Apple Inc.",
	title = "Xcode 11",
	month = "Nov",
	year = "2019",
	url = "https://developer.apple.com/xcode/"
}

@ONLINE {mapbox,
	author = "Mapbox", 
	title = "Mapbox",
	month = "Nov",
	year = "2019",
	url = "https://www.mapbox.com"
}

@ONLINE {ocde,
	author = "Leticia Hernández",
	title = "Turismo en Méxio crece por arriba de la economía mundial: OCDE",
	month = "Mar",
	year = "2018",
	url = "https://www.elfinanciero.com.mx/economia/turismo-en-mexico-crece-por-por-arriba-de-la-economia-mundial-ocde"
}
@ONLINE {fenom,
	author = "Hotel Palenque",
	title = "Tendencias del turismo en México",
	month = "",
	year = "2016",
	url = "https://www.monografias.com/trabajos88/tendencias-del-turismo-mexico/tendencias-del-turismo-mexico.shtml"
}

@ONLINE {geolocalizacion,
	author = "Sin Autor",
	title = "Ley de Geolocalización",
	month = "Nov",
	year = "2019",
	url = "http://www.mexicosos.org/dossier/legislacion/261-ley-geolocalizacion"
}
@ONLINE {node,
	author = "© Node.js Foundation",
	title = "Acerca de Node.js®",
	month = "",
	year = "",
	url = "https://nodejs.org/es/about/"
}
@ONLINE {sails,
	author = "Sin Autor",
	title = "Sails.js",
	month = "octubre ",
	year = "2019",
	url = "https://en.wikipedia.org/wiki/Sails.js"
}
@ONLINE {phpMyAdmin,
	author = "Sin Autor",
	title = "phpMyAdmin",
	month = "",
	year = "",
	url = "https://en.wikipedia.org/wiki/Sails.js"
}
@ONLINE {jQuery,
	author = "Sin Autor",
	title = "jQuery",
	month = "",
	year = "",
	url = "https://jquery.com/"
}
@ONLINE {PHP,
	author = "Copyright © 2001-2019 The PHP Group",
	title = "¿Qué es PHP?",
	month = "",
	year = "",
	url = "https://www.php.net/manual/es/intro-whatis.php"
}
@ONLINE {CSS3,
	author = "Sin Autor",
	title = "CSS3",
	month = "",
	year = "",
	url = "https://www.ecured.cu/CSS3"
}
@ONLINE {HTML,
	author = "Sin Autor",
	title = "HTML",
	month = "nov",
	year = "2019",
	url = "https://es.wikipedia.org/wiki/HTML"
}

@ONLINE {tex,
	author = "Sin Autor",
	title = "TexStudio",
	month = "nov",
	year = "2019",
	url = "https://www.texstudio.org/"
}

@ONLINE {balsamiq,
	author = "Sin Autor",
	title = "Balsamiq",
	month = "nov",
	year = "2019",
	url = "https://balsamiq.com/wireframes/"
}

@ONLINE {visual,
	author = "Sin Autor",
	title = "Visual Paradigm",
	month = "nov",
	year = "2019",
	url = "https://www.visual-paradigm.com/aboutus/"
}

@ONLINE {Cosmos,
	author = "Evgenii Neumerzhitckii",
	title = "Cosmos",
	month = "nov",
	year = "2019",
	url = "https://github.com/evgenyneu/Cosmos"
}

@ONLINE {swift,
	author = "Sin Autor",
	title = "Swift",
	month = "nov",
	year = "2019",
	url = "https://swift.org/"
}

@ONLINE {sidemenu,
	author = "Jon Kent",
	title = "SideMenu",
	month = "nov",
	year = "2019",
	url = "https://github.com/jonkykong/SideMenu"
}
\end{filecontents}